---
---

@book{wallace2006,
	editor = {John M. Wallace and Peter V. Hobbs},
	title = {Atmospheric Science},
	subtitle ={An Introductory Survey},
	publisher = {Academic Press},
	edition = {Second},
	address = {San Diego},
	year = {2006},
	isbn = {978-0-12-732951-2},
	doi = { https://doi.org/10.1016/C2009-0-00034-8 },
	author = {John M. Wallace and Peter V. Hobbs}
}

@article{NADEESHANI2022267,
title = {Nicotinamide mononucleotide (NMN) as an anti-aging health product â€“ Promises and safety concerns},
journal = {Journal of Advanced Research},
volume = {37},
pages = {267-278},
year = {2022},
issn = {2090-1232},
doi = {https://doi.org/10.1016/j.jare.2021.08.003},
url = {https://www.sciencedirect.com/science/article/pii/S2090123221001491},
author = {Harshani Nadeeshani and Jinyao Li and Tianlei Ying and Baohong Zhang and Jun Lu},
keywords = {Age-induced diseases, Anti-aging, Nicotinamide adenine dinucleotide, Nicotinamide mononucleotide, Supplement}
}